@article{pagh,
 author = {Pagh, Rasmus and Rodler, Flemming Friche},
 title = {Cuckoo Hashing},
 journal = {J. Algorithms},
 issue_date = {May 2004},
 volume = {51},
 number = {2},
 month = may,
 year = {2004},
 issn = {0196-6774},
 pages = {122--144},
 numpages = {23},
 acmid = {1006426},
 publisher = {Academic Press, Inc.},
 address = {Duluth, MN, USA},
 keywords = {data structures, dictionaries, experiments, hashing, information retrieval, searching},
} 

@article{PaghUnder,
  added-at = {2009-11-23T13:25:47.000+0100},
  author = {Pagh, R},
  biburl = {http://www.bibsonomy.org/bibtex/23e329d7919eadfd8268361ff40091e23/achimpassen},
  date-added = {2009-04-30 11:54:14 +0200},
  date-modified = {2009-04-30 12:26:16 +0200},
  interhash = {71ec6f6e5d627b595fae7237f3395737},
  intrahash = {3e329d7919eadfd8268361ff40091e23},
  keywords = {imported},
  month = Mar,
  pages = {1--6},
  rating = {0},
  read = {Yes},
  timestamp = {2009-11-23T13:25:47.000+0100},
  title = {Cuckoo Hashing for Undergraduates},
  uri = {papers://C3D2787C-59DE-4F5F-B604-503052CE153D/Paper/p88},
  year = 2006
}

@misc{ wiki:cuckoo,
   author = "Wikipedia",
   title = "Cuckoo Hashing --- {W}ikipedia{,} The Free Encyclopedia",
   year = "2014",
   url = "http://en.wikipedia.org/wiki/Cuckoo_hashing",
 }